@article{dijkstra1968_goto,
	author = {Edsger W. Dijkstra},
	title = {Go To Statement Considered Harmful},
	journal = {Communications of the ACM},
	volume = {11},
	number = {3},
	pages = {147--148},
	year = {1968}
}

@article{Ashenhurst:1978:AFS:359327.359339,
    author = {Ashenhurst, Robert L.},
    title = {ACM Forum: On Scientific Freedom and ACM Policy},
    journal = {Commun. ACM},
    volume = {21},
    number = {1},
    pages = {98--102},
    year = {1978},
} 

@article{Ponder:1992:PCH:130981.130991,
     author = {Ponder, Carl and Bush, Bill},
     title = {Polymorphism Considered Harmful},
     journal = {SIGPLAN Not.},
     volume = {27},
     number = {6},
     pages = {76--79},
     year = {1992},
} 

@article{Wulf:1973:GVC:953353.953355,
     author = {Wulf, W. and Shaw, Mary},
     title = {Global Variable Considered Harmful},
     journal = {SIGPLAN Not.},
     volume = {8},
     number = {2},
     pages = {28--34},
     year = {1973},
} 

@article{Miller:1990:ESR:96267.96279,
     author = {Miller, Barton P. and Fredriksen, Louis and So, Bryan},
     title = {An Empirical Study of the Reliability of UNIX Utilities},
     journal = {Commun. ACM},
     volume = {33},
     number = {12},
     pages = {32--44},
     year = {1990},
} 

@article{Haiduk:2004:CTC:1050231.1050261,
     author = {Haiduk, H. Paul},
     title = {C++ Templates Considered Harmful},
     journal = {J. Comput. Sci. Coll.},
     volume = {19},
     number = {4},
     pages = {211--217},
     year = {2004},
}

@article{Doss:2014:UGS:2659118.2659129,
     author = {Doss, Roger},
     title = {Using Goto Statements},
     journal = {SIGSOFT Softw. Eng. Notes},
     volume = {39},
     number = {5},
     pages = {1--3},
     year = {2014},
} 

@article{Creak:2002:EWD:636517.636521,
     author = {Creak, Alan},
     title = {Edsger W. Dijkstra},
     journal = {SIGPLAN Not.},
     volume = {37},
     number = {12},
     pages = {14--16},
     year = {2002},
} 

@article{Berque:2013:FDT:2505990.2506003,
     author = {Berque, David A.},
     title = {Fast Development Tools Considered Harmful},
     journal = {ACM Inroads},
     volume = {4},
     number = {3},
     pages = {66--68},
     year = {2013},
} 

@article{Ichbiah:1984:APP:358274.358278,
 author = {Ichbiah, Jean},
 title = {ADA:: Past, Present, Future},
 journal = {Commun. ACM},
 volume = {27},
 number = {10},
 pages = {990--997},
 year = {1984},
} 




